@book{H,
	Author = {Robin Hartshorne},
	Date-Added = {2012-07-22 12:14:59 +0000},
	Date-Modified = {2012-07-22 12:15:49 +0000},
	Publisher = {Springer},
	Title = {Algebraic Geometry},
	Year = {1977}}

@book{AM,
	Author = {Michael Francis Atiyah and Ian G. MacDonald},
	Date-Added = {2012-07-22 12:10:26 +0000},
	Date-Modified = {2012-07-22 12:13:29 +0000},
	Publisher = {Westview Press},
	Title = {Introduction To Commutative Algebra},
	Year = {1994}}
